@manual{tantau2013tikz,
   author    = {Till Tantau},
   title     = {TikZ and PGF},
   subtitle  = {Manual for version 3.1.9a},
   url       = {https://github.com/pgf-tikz/pgf},
}